{1:F01AAAABB99BSMK3513951576}
{2:O9400934081223BBBBAA33XXXX03592332770812230834N}
{4:
:20:0112230000000890
:25:SAKG800030155USD
:28C:255/1
:60F:C011223USD175768,92
:61:0112201223CD110,92NDIVNONREF//08 IL053309
/GB/2542049/SHS/312,
:61:980623C50000000,NTRFNONREF//9999234
ORDER BK OF NYC FOO CASH RESERVE
:61:980626C200000,NDIVNONREF//9999543
:86:DIVIDEND FOO CORP
PREFERRED STOCK 1ST QUARTER 1998
:61:980625C5700000,NFEX036960//8954321
:86:FOO INC
:62F:C011021USD175879,84
:20:NONREF
:25:4001400010
:28C:58/1
:60F:C140327EUR6308,75
:61:1403270327C3519,76NTRF50RS201403240008//2014032100037666
ABC DO BRASIL LTDA
:86:INVOICE NR. 6000012801 
ORDPRTY : ABC LTDA RUA LIBERO BADARO,293-SAO 
PAULO BRAZIL }